@inproceedings{DBLP:journals/corr/abs-1805-12118,
  author    = {Collins, Andrew and Tkaczyk, Dominika and Beel, Joeran},
  title     = {A Novel Approach to Recommendation Algorithm Selection using Meta-Learning},
  booktitle = {Proceedings of the 26th Irish Conference on Artificial Intelligence and Cognitive Science (AICS)},
  year      = {2018},
  volume    = {2259},
  pages     = {210--219},
  publisher = {CEUR-WS}
}
@article{DBLP:journals/corr/abs-1708-08447,
  author    = {J{\"{o}}ran Beel},
  title     = {It's Time to Consider "Time" when Evaluating Recommender-System Algorithms [Proposal]},
  journal   = {CoRR},
  year      = {2017},
  url       = {http://arxiv.org/abs/1708.08447},
  archivePrefix = {arXiv},
  eprint    = {1708.08447},
  timestamp = {Tue, 05 Sep 2017 10:03:46 +0200},
}
@Article{UMUAI:TowardsReproducibilityInRecSysBeel2016,
  author    = "Beel, Jöran and Breitinger, Corinna and Langer, Stefan and Lommatzsch, Andreas and Gipp, Bela",
  title     = "Towards reproducibility in recommender-systems research",
  journal   = "User Modeling and User-Adapted Interaction",
  year      = "2016",
  month     = "Mar",
  day       = "01",
  volume    = "26",
  number    = "1",
  pages     = "69--101",
  doi       = "10.1007/s11257-016-9174-x",
  url       = "https://doi.org/10.1007/s11257-016-9174-x"
}
@Article{AIR:MetalearningSurveyOfTrendsAndTechnologiesLemke2015,
  author    = "Lemke, Christiane and Budka, Marcin and Gabrys, Bogdan",
  title     = "Metalearning: a survey of trends and technologies",
  journal   = "Artificial Intelligence Review",
  year      = "2015",
  month     = "Jun",
  day       = "01",
  volume    = "44",
  number    = "1",
  pages     = "117--130",
  doi       = "10.1007/s10462-013-9406-y",
  url       = "https://doi.org/10.1007/s10462-013-9406-y"
}
@article{CUNHA2018128,
  title     = {Metalearning and Recommender Systems: A literature review and empirical study on the algorithm selection problem for Collaborative Filtering},
  journal   = {Information Sciences},
  volume    = {423},
  pages     = {128 - 144},
  year      = {2018},
  doi       = {https://doi.org/10.1016/j.ins.2017.09.050},
  url       = {http://www.sciencedirect.com/science/article/pii/S0020025517309702},
  author    = {Tiago Cunha and Carlos Soares and André C.P.L.F. de Carvalho},
  keywords  = {Metalearning, Algorithm selection, Recommendation system, Collaborative Filtering}
}
@inproceedings{Ekstrand:2012:RFP:2365952.2366002,
  author    = {Ekstrand, Michael and Riedl, John},
  title     = {When Recommenders Fail: Predicting Recommender Failure for Algorithm Selection and Combination},
  booktitle = {Proceedings of the Sixth ACM Conference on Recommender Systems},
  series    = {RecSys '12},
  year      = {2012},
  location  = {Dublin, Ireland},
  pages     = {233--236},
  numpages  = {4},
  url       = {http://doi.acm.org/10.1145/2365952.2366002},
  doi       = {10.1145/2365952.2366002},
  acmid     = {2366002},
  publisher = {ACM},
  address   = {New York, NY, USA},
  keywords  = {evaluation, hybrid recommenders, recommender systems},
}
@article{DBLP:journals/corr/abs-1712-07525,
  author    = {Ayush Singhal and Pradeep Sinha and Rakesh Pant},
  title     = {Use of Deep Learning in Modern Recommendation System: {A} Summary of Recent Works},
  journal   = {CoRR},
  year      = {2017},
  url       = {http://arxiv.org/abs/1712.07525},
  archivePrefix = {arXiv},
  eprint    = {1712.07525},
  timestamp = {Mon, 13 Aug 2018 16:47:36 +0200},
}
@article{DBLP:journals/corr/BojanowskiGJM16,
  author    = {Piotr Bojanowski and Edouard Grave and Armand Joulin and Tomas Mikolov},
  title     = {Enriching Word Vectors with Subword Information},
  journal   = {CoRR},
  year      = {2016},
  url       = {http://arxiv.org/abs/1607.04606},
  archivePrefix = {arXiv},
  eprint    = {1607.04606},
  timestamp = {Mon, 13 Aug 2018 16:46:11 +0200},
}
@inproceedings{rehurek_lrec,
  title     = {Software Framework for Topic Modelling with Large Corpora},
  author    = {Radim {\v R}eh{\r u}{\v r}ek and Petr Sojka},
  booktitle = {Proceedings of the LREC 2010 Workshop on New Challenges for NLP Frameworks},
  pages     = {45--50},
  year      = {2010},
  month     = {May},
  day       = {22},
  publisher = {ELRA},
  address   = {Valletta, Malta},
  url       = {http://is.muni.cz/publication/884893/en},
  language  = {English}
}
@inproceedings{Cremonesi:2010:PRA:1864708.1864721,
  author    = {Cremonesi, Paolo and Koren, Yehuda and Turrin, Roberto},
  title     = {Performance of Recommender Algorithms on Top-n Recommendation Tasks},
  booktitle = {Proceedings of the Fourth ACM Conference on Recommender Systems},
  series    = {RecSys '10},
  year      = {2010},
  location  = {Barcelona, Spain},
  pages     = {39--46},
  numpages  = {8},
  url       = {http://doi.acm.org/10.1145/1864708.1864721},
  doi       = {10.1145/1864708.1864721},
  acmid     = {1864721},
  publisher = {ACM},
  address   = {New York, NY, USA},
  keywords  = {evaluation, precision, recall, top-n recommendations},
}
@article{scikit-learn,
  title      = {Scikit-learn: Machine Learning in {P}ython},
  author     = {Pedregosa, F. and Varoquaux, G. and Gramfort, A. and Michel, V. and Thirion, B. and Grisel, O. and Blondel, M. and Prettenhofer, P. and Weiss, R. and Dubourg, V. and Vanderplas, J. and Passos, A. and Cournapeau, D. and Brucher, M. and Perrot, M. and Duchesnay, E.},
  journal    = {Journal of Machine Learning Research},
  volume     = {12},
  pages      = {2825--2830},
  year       = {2011}
}
@inproceedings{sklearn_api,
  author    = {Lars Buitinck and Gilles Louppe and Mathieu Blondel and Fabian Pedregosa and Andreas Mueller and Olivier Grisel and Vlad Niculae and Peter Prettenhofer and Alexandre Gramfort and Jaques Grobler and Robert Layton and Jake VanderPlas and Arnaud Joly and Brian Holt and Ga{\"{e}}l Varoquaux},
  title     = {{API} design for machine learning software: experiences from the scikit-learn project},
  booktitle = {ECML PKDD Workshop: Languages for Data Mining and Machine Learning},
  year      = {2013},
  pages     = {108--122},
}
